@misc{holypie,
    author = {Zhi Dian},
    title = {{Holy Pie Smart Racket: For Badminton and Tennis}},
    howpublished = {\url{https://www.kickstarter.com/projects/107521314/holy-pie-smart-racket-for-badminton-and-tennis/description}},
    year = {2014},
    note = {Accessed 09.06.2016},
}

@misc{sotxsite,
    author = {SOTX},
    title = {{SOTX Smart Badminton Racquet}},
    howpublished = {\url{http://www.sotxsports.com/en/html/news/list-257.html}},
    year = {2016},
    note = {Accessed 09.06.2016},
}

@misc{sotxsite,
    author = {Holy TT},
    title = {{Holy TT}},
    howpublished = {\url{http://www.szearth.com/en/index.html}},
    year = {2016},
    note = {Accessed 09.06.2016},
}

@misc{sotxsite,
    author = {Alibaba, Inc.},
    title = {{USENSE}},
    howpublished = {\url{http://www.aliexpress.com/store/product/USENSE-wireless-intelligent-sensor-of-badminton-racket-professional-motion-tracker-sensor/1762608_32526665106.html}},
    year = {2016},
    note = {Accessed 09.06.2016},
}